@book{chung2000course,
  title={A course in probability theory},
  author={Chung, Kai Lai},
  year={2000},
  publisher={Elsevier}
}

@Manual{isabelle_hol,
  author       = {Isabelle Team},
  title        = {Isabelle/HOL},
  year         = {2015},
  url          = {https://isabelle.in.tum.de/},
  note         = {Accessed: 2024-12-01}
}


@Manual{hol_light,
  author       = {John Harrison},
  title        = {HOL Light},
  year         = {2015},
  url          = {http://www.cl.cam.ac.uk/~jrh13/hol-light/},
  note         = {Accessed: 2024-12-01}
}

@inproceedings{slind2008brief,
  title={A brief overview of HOL4},
  author={Slind, Konrad and Norrish, Michael},
  booktitle={International Conference on Theorem Proving in Higher Order Logics},
  pages={28--32},
  year={2008},
  organization={Springer}
}

@book{fischer2011history,
  title={A history of the central limit theorem: from classical to modern probability theory},
  author={Fischer, Hans},
  volume={4},
  year={2011},
  publisher={Springer}
}

@book{clarke2018handbook,
  title={Handbook of model checking},
  author={Clarke, Edmund M and Henzinger, Thomas A and Veith, Helmut and Bloem, Roderick and others},
  volume={10},
  year={2018},
  publisher={Springer}
}

@inproceedings{broy2005model,
  title={Model-based testing of reactive systems},
  author={Broy, Manfred and Jonsson, Bengt and Katoen, J-P and Leucker, Martin and Pretschner, Alexander},
  booktitle={Volume 3472 of Springer LNCS},
  year={2005},
  organization={Springer}
}

@book{bertot2013interactive,
  title={Interactive theorem proving and program development: Coqâ€™Art: the calculus of inductive constructions},
  author={Bertot, Yves and Cast{\'e}ran, Pierre},
  year={2013},
  publisher={Springer Science \& Business Media}
}

@article{burch1992symbolic,
  title={Symbolic model checking: 1020 states and beyond},
  author={Burch, Jerry R and Clarke, Edmund M and McMillan, Kenneth L and Dill, David L and Hwang, Lain-Jinn},
  journal={Information and computation},
  volume={98},
  number={2},
  pages={142--170},
  year={1992},
  publisher={Elsevier}
}
