@article{berry1941accuracy,
  title={The accuracy of the Gaussian approximation to the sum of independent variates},
  author={Berry, Andrew C},
  journal={Transactions of the american mathematical society},
  volume={49},
  number={1},
  pages={122--136},
  year={1941},
  publisher={JSTOR}
}

@book{hall2014martingale,
  title={Martingale limit theory and its application},
  author={Hall, Peter and Heyde, Christopher C},
  year={2014},
  publisher={Academic press}
}

@article{winkelbauer2012moments,
  title={Moments and absolute moments of the normal distribution},
  author={Winkelbauer, Andreas},
  journal={arXiv preprint arXiv:1209.4340},
  year={2012}
}

@book{fremlinmeasure,
  title={Measure theory},
  author={Fremlin, David Heaver},
  volume={2},
pages = {381},
  year={2001},
  publisher={Torres Fremlin}
}


@article{church1940formulation,
  title={A formulation of the simple theory of types},
  author={Church, Alonzo},
  journal={The journal of symbolic logic},
  volume={5},
  number={2},
  pages={56--68},
  year={1940},
  publisher={Cambridge University Press}
}

@book{milner1972logic,
  title={Logic for Computable Functions: description of a machine implementation.},
  author={Milner, Robin},
  year={1972},
  publisher={Stanford University}
}

@book{gordon1979edinburgh,
  title={Edinburgh LCF: a mechanised logic of computation},
  author={Gordon, Michael J and Milner, Arthur J and Wadsworth, Christopher P},
  year={1979},
  publisher={Springer}
}

@manual{hol4,
  title        = {The HOL System DESCRIPTION (Kananaskis-13 release)},
  author       = {{HOL4 contributors}},
  year         = {2019},
  month        = {August},
  url          = {http://sourceforge.net/projects/hol/files/hol/kananaskis-13/kananaskis-13-description.pdf},
  note         = {Kananaskis-13 release}
}



@book{adams2009life,
  title={The life and times of the central limit theorem},
  author={Adams, William J},
  volume={35},
  year={2009},
  publisher={American Mathematical Soc.}
}

@book{billingsley2017probability,
  title={Probability and measure},
  author={Billingsley, Patrick},
  year={2017},
  publisher={John Wiley \& Sons}
}

@phdthesis{serafin2015formally,
  title={A formally verified proof of the Central Limit Theorem},
  author={Serafin, Luke},
  year={2015},
  school={Carnegie Mellon University},
  type={Master's Thesis}
}


@article{avigad2017formally,
  title={A formally verified proof of the central limit theorem},
  author={Avigad, Jeremy and H{\"o}lzl, Johannes and Serafin, Luke},
  journal={Journal of Automated Reasoning},
  volume={59},
  number={4},
  pages={389--423},
  year={2017},
  publisher={Springer}
}

@phdthesis{qasim2016formalization,
  title={Formalization of normal random variables},
  author={Qasim, Muhammad},
  year={2016},
  school={Concordia University}
}

@article{tian2022assumption,
  title={Assumption-Based Runtime Verification of Finite-and Infinite-State Systems},
  author={Tian, Chun and others},
  year={2022},
  publisher={Universit{\`a} degli studi di Trento}
}

@book{ross2019first,
  title={First Course in Probability, A},
  author={Ross, Sheldon},
  year={2019},
  publisher={Pearson Higher Ed}
}

@article{feller1945,
  author       = {Willy Feller},
  title        = {The Fundamental Limit Theorems in Probability},
  journal      = {Bulletin of the American Mathematical Society},
  year         = {1945},
  volume       = {51},
  pages        = {800--832},
  note         = {Reprinted in Adams 2009, pp. 80--113}
}

@misc{lyapunov1895pafnutii,
  title={Pafnutii Lvovich Chebyshev},
  author={Lyapunov, Aleksandr Mikhailovich},
  year={1895},
  note={Reprinted in parts in Chebyshev (1946), pp. 9--21}
}


@article{chebyshev1890deux,
  title={Sur deux th{\'e}or{\`e}mes relatifs aux probabilit{\'e}s},
  author={Chebyshev, Pafnutii Lvovich},
  journal={Acta math},
  volume={14},
  number={1},
  pages={305--315},
  year={1890}
}

@book{laplace1835oeuvres,
  title={Oeuvres compl{\`e}tes de Laplace},
  author={Laplace, Pierre Simon},
  year={1835},
  publisher={Gautier-Villars}
}

@book{de1733approximatio,
  title={Approximatio ad summam terminorum binomii (a+ b) n in seriem expansi},
  author={De Moivre, Abraham},
  year={1733},
  publisher={Royal Society}
}


@book{Chung:2001,
author = {Chung, Kai Lai},
title = {A Course in Probability Theory},
publisher = {Academic Press},
year = {2001},
edition = {Third}
}

@misc{isabelle,
  author       = {Isabelle Team},
  title        = {Isabelle/HOL},
  year         = {2015},
  url          = {https://isabelle.in.tum.de/},
  note         = {Accessed: 2024-12-01}
}


@misc{hollight,
  author       = {John Harrison},
  title        = {HOL Light},
  year         = {2015},
  url          = {http://www.cl.cam.ac.uk/~jrh13/hol-light/},
  note         = {Accessed: 2024-12-01}
}

@inproceedings{slind2008brief,
  title={A brief overview of HOL4},
  author={Slind, Konrad and Norrish, Michael},
  booktitle={International Conference on Theorem Proving in Higher Order Logics},
  pages={28--32},
  year={2008},
  organization={Springer}
}

@book{fischer2011history,
  title={A history of the central limit theorem: from classical to modern probability theory},
  author={Fischer, Hans},
  volume={4},
  year={2011},
  publisher={Springer}
}

@book{clarke2018handbook,
  title={Handbook of model checking},
  author={Clarke, Edmund M and Henzinger, Thomas A and Veith, Helmut and Bloem, Roderick and others},
  volume={10},
  year={2018},
  publisher={Springer}
}

@inproceedings{broy2005model,
  title={Model-based testing of reactive systems},
  author={Broy, Manfred and Jonsson, Bengt and Katoen, J-P and Leucker, Martin and Pretschner, Alexander},
  booktitle={Volume 3472 of Springer LNCS},
  year={2005},
  organization={Springer}
}

@book{bertot2013interactive,
  title={Interactive theorem proving and program development: Coqâ€™Art: the calculus of inductive constructions},
  author={Bertot, Yves and Cast{\'e}ran, Pierre},
  year={2013},
  publisher={Springer Science \& Business Media}
}

@article{burch1992symbolic,
  title={Symbolic model checking: 1020 states and beyond},
  author={Burch, Jerry R and Clarke, Edmund M and McMillan, Kenneth L and Dill, David L and Hwang, Lain-Jinn},
  journal={Information and computation},
  volume={98},
  number={2},
  pages={142--170},
  year={1992},
  publisher={Elsevier}
}
